Automatically generated by Mendeley Desktop 1.11
Any changes to this file will be lost if it is regenerated by Mendeley.

BibTeX export options can be customized via Preferences -> BibTeX in Mendeley Desktop

@article{Bocq2012,
author = {Bocq, S\'{e}bastien and Daenen, Koen},
doi = {10.1145/2398857.2384640},
file = {:Users/etn/Documents/PhD/Biblio/Bocq, Daenen - 2012 - Molecule.pdf:pdf},
isbn = {978-1-4503-1561-6},
issn = {03621340},
journal = {ACM SIGPLAN Notices},
keywords = {DSEl,DSl,concurrent,functional programming,multicore,parallel,process networks,scala,stream},
month = nov,
number = {10},
pages = {315},
publisher = {ACM},
title = {{Molecule}},
url = {http://dl.acm.org/citation.cfm?id=2398857.2384640},
volume = {47},
year = {2012}
}
