Automatically generated by Mendeley Desktop 1.10.3
Any changes to this file will be lost if it is regenerated by Mendeley.

BibTeX export options can be customized via Preferences -> BibTeX in Mendeley Desktop

@article{Gude2008,
author = {Gude, N and Koponen, T and Pettit, J and Pfaff, B},
file = {:Users/etn/Documents/PhD/Biblio/Gude et al. - 2008 - NOX towards an operating system for networks.pdf:pdf},
journal = {ACM SIGCOMM  \ldots},
title = {{NOX: towards an operating system for networks}},
url = {http://dl.acm.org/citation.cfm?id=1384625},
year = {2008}
}
@article{Ventra2012,
author = {Ventra, M Di and Pershin, YV},
file = {:Users/etn/Documents/PhD/Biblio/Ventra, Pershin - 2012 - Memcomputing a computing paradigm to store and process information on the same physical platform.pdf:pdf},
journal = {arXiv preprint arXiv:1211.4487},
title = {{Memcomputing: a computing paradigm to store and process information on the same physical platform}},
url = {http://arxiv.org/abs/1211.4487},
year = {2012}
}
